@article{wolf2011introduction,
  title={An introduction to duality in convex optimization},
  author={Wolf, Stephan and Gunther, Stephan M and Sc, M},
  journal={Network},
  volume={153},
  pages={153--162},
  year={2011}
}

@article{fishback2007taylor,
  title={Taylor series are limits of Legendre expansions},
  author={Fishback, Paul E},
  journal={Missouri Journal of Mathematical Sciences},
  volume={19},
  number={1},
  pages={29--34},
  year={2007},
  publisher={University of Central Missouri, School of Computer Science and Mathematics}
}